
@inproceedings{ansel2009dmtcp,
  title={{DMTCP}: Transparent checkpointing for cluster computations and the desktop},
  author={Ansel, Jason and Arya, Kapil and Cooperman, Gene},
  booktitle={2009 IEEE International Symposium on Parallel \& Distributed Processing},
  pages={1--12},
  year={2009},
  organization={IEEE}
}

@inproceedings{dmtcp-openproc-2013,
  author    = { Kapil Arya, Gene Cooperman },
  title     = { DMTCP: Bringing Checkpoint-Restart to Python },
  booktitle = { Test Proceedings for OpenProceedings },
  year      = { 2013 },
  editor    = { Andrea Zonca },
  doi    = { 10.6084/m9.figshare.935502 },
  url    = { http://dx.doi.org/10.6084/m9.figshare.935502 }
}

@inproceedings{pan2004navp,
  title={Distributed Parallel Computing Using Navigational Programming},
  author={Lei Pan and Ming Kin Lai and Koji Noguchi and Javid J. Huseynov and Lubomir F. Bic and Michael B. Dillencourt},
  booktitle={International Journal of Parallel Programming},
  year={2004},
  month={Feb},
  volume = {32},
  number = {1},
  publisher={Springer}
}

@inproceedings{pan_views_PDCS03,
      AUTHOR = {Pan, Lei and Bic, Lubomir F. and Dillencourt, Michael B.
                and Lai, Ming Kin},
      TITLE = {{NavP} Versus {SPMD}: Two Views of Distributed Computation},
      booktitle = {Proceedings of the Fifteenth IASTED International Conference on
                   Parallel and Distributed Computing and Systems},
      volume = {2, Algorithms},
      city = {Marina del Rey, Calif.},
      sponsor = {International Association of Science and Technology for Development},
      editor = {Teofilo Gonzalez},
      day = {3-5},
      month = nov,
      year = 2003,
      publisher = {ACTA Press},
      address = {Anaheim, Calif.},
      pages = {666--673}
}

@inproceedings{arya2016design,
  title={Design and Implementation for Checkpointing of Distributed Resources
         using Process-level Virtualization},
  author={Kapil Arya and Rohan Garg and Artem Y. Polyakov and Gene Cooperman},
  booktitle={IEEE Int. Conf. on Cluster Computing (CLUSTER'16)},
  year={2016},
  pages = {402--412},
  publisher={IEEE Press}
}

